<?xml version="1.0" encoding="UTF-8"?><collection xmlns="http://www.loc.gov/MARC21/slim"><record><leader>00471nam--2200169-i-4500</leader><controlfield tag="001">000035043</controlfield><controlfield tag="002">20161230</controlfield><controlfield tag="005">20170102183313</controlfield><controlfield tag="008">060222s1000------------r-----000-0-eng-d</controlfield><datafield ind1=" " ind2=" " tag="080"><subfield code="a">514.7:512.74</subfield></datafield><datafield ind1=" " ind2=" " tag="100"><subfield code="a">Nikulin, V. V</subfield></datafield><datafield ind1=" " ind2=" " tag="245"><subfield code="a">Geometries and groups. Translated from the Russian by M. Reid. with 159 figures</subfield></datafield><datafield ind1=" " ind2=" " tag="260"><subfield code="a">Berlin</subfield><subfield code="b">Springer-Verlag</subfield><subfield code="c">1994</subfield></datafield><datafield ind1=" " ind2=" " tag="300"><subfield code="a">251 p</subfield></datafield><datafield ind1=" " ind2=" " tag="700"><subfield code="a">Shafaravich, I. R</subfield></datafield><datafield ind1=" " ind2=" " tag="852"><subfield code="a">80299</subfield><subfield code="c">513</subfield></datafield><datafield ind1=" " ind2=" " tag="CAT"><subfield code="a">SYS</subfield><subfield code="c">20170102</subfield><subfield code="h">183313</subfield></datafield></record></collection>